@Online{omp:mandelbrot,
  author = {Sergey Vassiliev},
  title = {Parallel Mandelbrot with OpenMP},
  url = {https://ssvassiliev.github.io/Summer_School_OpenMP/08-mandel/index.html},
  year = {2022},
  urldate = {2025-09-27}
}

@Online{omp:scheduling,
  author = {user41235 and Outofpaper},
  title = {OpenMP dynamic vs. guided scheduling},
  url = {https://stackoverflow.com/questions/42970700/openmp-dynamic-vs-guided-scheduling},
  year = {2017},
  urldate = {2025-09-27}
}

@Online{omp:ufsc,
  author = {Sobral, Bosco de Lavor},
  title = {OpenMP Dynamic Scheduling},
  url ={https://www.inf.ufsc.br/~bosco.sobral/ensino/ine5645/OpenMP_Dynamic_Scheduling.pdf},
  institution = {Universidade Federal de Santa Catarina (UFSC)},
  year = {2018},
  urldate =   {2025-09-27}
}